@Manual{KarlinePackage,
  title = {rootSolve: Nonlinear root finding, equilibrium and
    steady-state analysis of ordinary differential equations },
  year = {2009},
  author = {Karline Soetaert},
  note = {R package 1.6},
}
